@incollection{belkin_laplacian_2002,
  title     = {Laplacian {{Eigenmaps}} and {{Spectral Techniques}} for {{Embedding}} and {{Clustering}}},
  booktitle = {Advances in {{Neural Information Processing Systems}} 14},
  author    = {Belkin, Mikhail and Niyogi, Partha},
  year      = {2002},
  pages     = {585--591},
  publisher = {{MIT Press}}
}